
@article{bellettini_role_2001,
	title = {Role Based Access Control Models},
	volume = {6},
	issn = {13634127},
	url = {https://linkinghub.elsevier.com/retrieve/pii/S1363412701002047},
	doi = {10.1016/S1363-4127(01)00204-7},
	pages = {21--29},
	number = {2},
	journaltitle = {Information Security Technical Report},
	author = {Bellettini, Carlo and Bertino, Elisa and Ferrari, Elena},
	urldate = {2021-01-13},
	date = {2001-06},
	year = {2001},
	langid = {english},
	file = {Role Based Access Control.pdf:C\:\\Users\\Ed\\Dropbox\\!!! - Mestrado\\!!! - UFAC\\!! Temas - Dissertacao\\Pesquisa\\Apoio\\Role Based Access Control.pdf:application/pdf}
}