
@book{bruce_estatistica_2019,
	title = {Estatística Prática para Cientistas de Dados},
	isbn = {978-85-508-1080-5},
	url = {https://books.google.com.br/books?id=b0mvDwAAQBAJ},
	publisher = {Alta Books},
	author = {Bruce, A. and Bruce, P.},
	date = {2019},
	year = {2019}
}