
@article{castro_supervised_2011,
	title = {Supervised learning with imbalanced data sets: an overview},
	volume = {22},
	issn = {0103-1759},
	url = {http://www.scielo.br/scielo.php?script=sci_abstract&pid=S0103-17592011000500002&lng=en&nrm=iso&tlng=pt},
	doi = {10.1590/S0103-17592011000500002},
	shorttitle = {Supervised learning with imbalanced data sets},
	pages = {441--466},
	number = {5},
	journaltitle = {Sba: Controle \&amp; Automação Sociedade Brasileira de Automatica},
	author = {Castro, Cristiano Leite de and Braga, Antônio Pádua},
	urldate = {2020-08-07},
	date = {2011-10},
	note = {Publisher: Sociedade Brasileira de Automática},
	file = {Full Text PDF:C\:\\Users\\Ed\\Zotero\\storage\\DEU7SQVU\\Castro e Braga - 2011 - Supervised learning with imbalanced data sets an .pdf:application/pdf;Snapshot:C\:\\Users\\Ed\\Zotero\\storage\\VJ8NS73D\\scielo.html:text/html}
}