
@online{noauthor_google_nodate,
	title = {Google Colab: o que é e como usar? {\textbar} Alura Cursos Online},
	url = {https://www.alura.com.br/artigos/google-colab-o-que-e-e-como-usar},
	shorttitle = {Google Colab},
	abstract = {O colab da google é uma poderosa ferramenta utilizada por cientistas de dados de todo o mundo, venha conhecer mais sobre ela nesse artigo!!},
	titleaddon = {Alura},
	urldate = {2020-08-07},
	langid = {brazil},
	note = {Library Catalog: www.alura.com.br},
	file = {Snapshot:C\:\\Users\\Ed\\Zotero\\storage\\7YN7ZUDI\\google-colab-o-que-e-e-como-usar.html:text/html}
}