
@book{davis_management_1984,
	location = {{USA}},
	title = {Management information systems:  conceptual foundations, structure, and development (2nd ed.)},
	isbn = {978-0-07-015828-3},
	shorttitle = {Management information systems},
	publisher = {{McGraw}-Hill, Inc.},
	author = {Davis, Gordon B. and Olson, Margrethe H.},
	date = {1984}
}