
@online{goncalves_nbr_2013,
	title = {{NBR} {ISO}/{IEC}-17799: O surgimento da Norma Nacional de Segurança de Informação},
	url = {https://lrodrigo.sgs.lncc.br/wp/dicas/seguranca/nbr-isoiec-17799-o-surgimento-da-norma-nacional-de-seguranca-de-informacao/},
	shorttitle = {{NBR} {ISO}/{IEC}-17799},
	abstract = {Nível: Avançado Info: O ser humano sempre se preocupou com a sua segurança e de seus bens, isto faz parte de nossos instintos. Como nos dia atuais, o maior bem que a humanidade possui são as inform…},
	titleaddon = {{LRodrigo} - Web Site},
	author = {Gonçalves, Luis Rodrigo de Oliveira},
	urldate = {2020-08-05},
	date = {2013-09-23},
	langid = {brazil},
	note = {Library Catalog: lrodrigo.sgs.lncc.br},
	file = {Snapshot:C\:\\Users\\Ed\\Zotero\\storage\\LD7BD56X\\nbr-isoiec-17799-o-surgimento-da-norma-nacional-de-seguranca-de-informacao.html:text/html}
}