
@book{luger_inteligencia_2015,
	edition = {Edição: 6},
	title = {Inteligência Artificial},
	abstract = {Com uma abordagem clara e objetiva, George F. Luger reúne nesta sexta edição as práticas mais recentes do mercado e os tópicos importantes relacionados à inteligência artificial, como computação emergente, representação da incerteza e processamento probabilístico de linguagem natural, entre outros.Muito rica em exemplos práticos, esta obra é ideal para estudantes de ciência da computação, engenharia da computação e sistemas de informação, pois apresenta equilíbrio entre teoria e prática e os conceitos fundamentais da área, com detalhes e informações necessárias para a implementação dos algoritmos e estratégias discutidos no livro.},
	publisher = {Pearson},
	author = {Luger, George F.},
	date = {2015-10-05}
}