
@online{minewiskan_modelos_nodate,
	title = {Modelos de mineração (Analysis Services-Mineração de dados)},
	url = {https://docs.microsoft.com/pt-br/analysis-services/data-mining/mining-models-analysis-services-data-mining},
	author = {Minewiskan},
	urldate = {2020-08-06},
	langid = {portuguese},
	note = {Library Catalog: docs.microsoft.com},
	file = {Snapshot:C\:\\Users\\Ed\\Zotero\\storage\\JMBRSNMR\\mining-models-analysis-services-data-mining.html:text/html}
}