
@article{lopes_adopcao_2012,
	title = {Adopção de políticas de segurança de sistemas de informação na administração pública local em Portugal},
	rights = {{openAccess}},
	url = {https://bibliotecadigital.ipb.pt/handle/10198/7422},
	abstract = {Nas últimas décadas, com a crescente dependência das organizações dos seus
Sistemas de Informação ({SI}), o valor da informação assumiu uma importância vital
para as organizações. A atenção das organizações, que era focada primordialmente
nos seus activos tangíveis (físicos e financeiros), passou também a focar-se no activo
informação.
A Segurança de Sistemas de Informação ({SSI}) é um tema crítico a ter em conta nas
organizações de todo o mundo. Face à importância das tecnologias de informação
para o negócio e à utilização massiva da Internet e dos serviços que lhe estão
associados, o número de ameaças que a informação está sujeita é cada vez mais
elevado e consequentemente a necessidade de proteger os sistemas de informação
torna-se mais premente.
Tanto ou mais importante que atingir os níveis de segurança de informação
adequados a cada organização, é conseguir mantê-los. Não basta ter software e
hardware que contribua para a segurança da informação, mas também uma política
de segurança e uma boa gestão da segurança, de forma a alicerçar devidamente os
esforços de protecção dos activos do Sistema de Informação.
No que diz respeito à Administração Pública Local, os munícipes esperam das
autarquias o desenvolvimento e modernização dos seus {SI}, com vista a que a
disponibilização de diversos serviços de forma interactiva e online se torne numa
realidade cada vez mais acessível a todos e que a segurança dos dados associados a
esses serviços tenha sido devidamente considerada.
No domínio da investigação observa-se um número razoável de estudos sobre a
temática das políticas de segurança, contudo, o número de estudos é reduzido no que
diz respeito a trabalhos empíricos acerca das questões de adopção de políticas de
segurança. No caso da Administração Pública Local em Portugal, esses estudos são
praticamente inexistentes.
Dada a ausência de estudos sobre esta temática nas Câmaras Municipais, foi
elaborado e realizado um inquérito às 308 edilidades municipais, tendo por
finalidade contribuir para a constituição de uma base de reflexão acerca das opções
de investigação a desenvolver em torno da temática da “Adopção de Políticas de
Segurança de Sistemas de Informação na Administração Pública Local em
Portugal”.
viii
O principal objectivo do inquérito foi a obtenção de resposta à seguinte questão: As
Câmaras Municipais Portuguesas têm implementadas políticas de {SSI}? Com base no
levantamento efectuado concluiu-se que das 308 Câmaras Municipais de Portugal,
12\% (38) indicaram dispor de políticas de {SSI} e 88\% (270) indicaram não ter ou
ainda se encontrarem em processo de formulação da política para posterior
implementação.
Esta constatação deu origem ao problema de investigação que se funda na reduzida
adopção de políticas de {SSI} por parte dos Municípios em Portugal. A diluição do
problema de investigação implicou satisfazer os seguintes objectivos: identificar as
componentes e características das políticas de segurança existentes; identificar
factores que afectam a adopção de políticas de {SSI} por parte das Câmaras
Municipais, classificar esses factores e propor um enquadramento para auxiliar na
compreensão da adopção de políticas de {SSI} nas Câmaras Municipais.
Para se alcançarem os objectivos mencionados, este trabalho passou, para além da
realização do levantamento já referido, por mais dois momentos fundamentais. O
segundo momento consistiu na realização de 44 entrevistas semi-estruturadas,
conduzidas presencialmente, gravadas, transcritas e posteriormente codificadas. O
objectivo da realização das entrevistas foi recolher um conjunto de dados que
possibilitasse dar resposta a questões intrínsecas ao problema de investigação.
O terceiro momento fundou-se na recolha de políticas de {SSI} junto das Câmaras
Municipais. O objectivo desta recolha foi, para além de verificar as características e
componentes presentes nestes documentos, aferir-se a homogeneidade entre eles e
com isso propor-se um modelo base de política de {SSI} a seguir pelos Municípios.
Depois de concluído o percurso de investigação descrito, constatou-se que não existe
uma única política ou modelo base partilhado pelos Municípios que já aprovaram ou
se preparam para aprovar uma política de {SSI}. Com efeito, a inexistência de um
modelo de referência que possa ser seguido pelas autarquias constitui um obstáculo à
adopção de políticas de {SSI} à escala administrativa local.
Assim, a adopção por via legislativa ou por recomendação da Associação Nacional
de Municípios Portugueses de um modelo coerente, uniforme e flexível de políticas
de {SSI} para as Câmaras Municipais, constituiria um contributo ou passo decisivo
para a institucionalização dessas políticas.
Neste trabalho de investigação evidenciam-se como principais contributos, para além
dos dois modelos base de política de {SSI}, o destaque no que diz respeito ao conteúdo
das políticas, processo e contexto na sua adopção.},
	author = {Lopes, Isabel Maria},
	urldate = {2020-08-04},
	date = {2012},
	note = {Accepted: 2012-09-03T09:19:35Z
Publisher: Universidade do Minho},
	file = {Full Text PDF:C\:\\Users\\Ed\\Zotero\\storage\\GWWAW8GN\\Lopes - 2012 - Adopção de políticas de segurança de sistemas de i.pdf:application/pdf;Snapshot:C\:\\Users\\Ed\\Zotero\\storage\\4D24GULC\\7422.html:text/html}
}

@article{santos_segurancnos_2007,
	title = {Segurança nos sistemas de informação hospitalares : políticas, práticas e avaliação},
	rights = {{openAccess}},
	url = {http://repositorium.sdum.uminho.pt/},
	shorttitle = {Segurança nos sistemas de informação hospitalares},
	abstract = {Actualmente, a informação é genericamente considerada um recurso crítico para qualquer organização, exigindo políticas de segurança adequadas para a sua protecção. Tipicamente, a abordagem usada para o desenvolvimento dessas políticas, parte da avaliação do risco, que é feita com base no valor do recurso e na probabilidade da concretização das ameaças. Estes dois valores podem ser extremamente difíceis de determinar, especialmente quando a informação não está relacionada com objectos de valor quantificável e/ou quando o historial da ocorrência de incidentes é limitado, como é o caso da informação nas unidades de saúde. Por outro lado, algumas das abordagens existentes para a avaliação do risco consomem um elevado número de meios humanos e financeiros, originando, por vezes, limitações à aplicação do processo de gestão da segurança na organização. 
Atendendo a essas limitações, o principal objectivo desta tese foi o de propor uma metodologia para a implementação de políticas de segurança em unidades de saúde. Procurou-se transformar o processo da gestão da segurança em algo que as organizações, nomeadamente unidades do tipo hospitalar, pudessem implementar e gerir de uma forma ágil e natural, sem a necessidade de recorrer a recursos extraordinários. Pretendeu-se, ainda, orientar a metodologia segundo os mais recentes desenvolvimentos ao nível do modelo de gestão dos processos desta natureza, tal como os preconizados pela recente norma {ISO}/{IEC} 27001. 
Embora a metodologia proposta tenha por base alguns métodos e normas já existentes para a área da gestão da segurança da informação, apresenta soluções inovadoras para alguns dos aspectos mais críticos e que normalmente, exigem mais recursos. Em particular, são apresentadas soluções para as fases de identificação e catalogação dos recursos (elementos informativos) a serem alvo do processo de segurança e para a determinação do índice de risco de cada recurso. Relativamente a esta última solução, é proposta a utilização da metodologia de Delphi para estimar os dois parâmetros relevantes (o valor do recurso e a probabilidade de concretização de uma ameaça) que são usados para calcular o índice do risco. 
Propõe-se ainda uma nova organização para o catálogo de medidas no âmbito da política de segurança, com vista a facilitar o processo da escolha das medidas adequadas e em concordância com a filosofia de gestão da segurança subjacente à metodologia proposta. Este catálogo recolhe, naturalmente, diversos contributos já estabelecidos para outras metodologias. 
Por fim, são apresentados os resultados da aplicação da metodologia numa organização hospitalar. Estes resultados demonstram a aplicabilidade da metodologia, ao mesmo tempo revelam a desejada agilidade no sentido de facilmente e naturalmente a integrar no processo de gestão da organização. 
Apesar da solução proposta ter sido desenvolvida tendo por base as unidades de saúde, a generalidade dos seus princípios garante que, com algum cuidado e esforço de adaptação, esta metodologia possa ser facilmente alargada a outros tipos de organizações.},
	author = {Santos, António Manuel Rodrigues Carvalho dos},
	urldate = {2020-08-04},
	date = {2007-07-19},
	note = {Accepted: 2007-12-18T21:06:45Z},
	file = {Full Text PDF:C\:\\Users\\Ed\\Zotero\\storage\\M4HGILBR\\Santos - 2007 - Segurança nos sistemas de informação hospitalares .pdf:application/pdf;Snapshot:C\:\\Users\\Ed\\Zotero\\storage\\SJ9NNFQZ\\7282.html:text/html}
}

@article{andrade_politicas_2007,
	title = {Políticas de segurança em sistemas de informação contábil: um estudo em cooperativas de crédito do estado de Minas Gerais},
	volume = {4},
	rights = {Direitos autorais},
	issn = {2175-8069},
	url = {https://periodicos.ufsc.br/index.php/contabilidade/article/view/834},
	doi = {10.5007/%x},
	shorttitle = {Políticas de segurança em sistemas de informação contábil},
	abstract = {O objetivo do trabalho é prover um estudo sobre os mecanismos de segurança utilizados na manipulação de sistemas integrados de informação contábil-financeira como forma de prevenção e identificação de fraudes eletrônicas em cooperativas de crédito de Minas Gerais. A pesquisa caracterizou-se como descritiva, com utilização da abordagem quantitativa. O universo selecionado compreendeu 43 cooperativas de crédito mineiras. A técnica utilizada para avaliar os sistemas de segurança foram questionários, sendo que as variáveis analisadas correspondem aos procedimentos usualmente estabelecidos nas normas de segurança da informação. Concluiuse que a avaliação dos procedimentos de segurança dos sistemas de informação contábil das grandes cooperativas de crédito mineiras apresentou resultados satisfatórios, podendo fornecer adequada confiabilidade quanto aos riscos de erros e fraudes eletrônicas.},
	pages = {125--144},
	number = {7},
	journaltitle = {Revista Contemporânea de Contabilidade},
	author = {Andrade, Adélio Carlos and Sousa, Flávia Cristina Alves and Colauto, Romualdo Douglas and Pinheiro, Laura Edith Taboada},
	urldate = {2020-08-04},
	date = {2007},
	langid = {portuguese},
	note = {Number: 7},
	keywords = {Accounting information system, Cooperativas de crédito, Credit cooperatives, Security of the information, Segurança da informação, Sistema de informação contábil},
	file = {Full Text PDF:C\:\\Users\\Ed\\Zotero\\storage\\M5VQG7WG\\Andrade et al. - 2007 - Políticas de segurança em sistemas de informação c.pdf:application/pdf;Snapshot:C\:\\Users\\Ed\\Zotero\\storage\\UIR39QKV\\834.html:text/html}
}

@article{marciano_segurancda_nodate,
	title = {Segurança da Informação - uma abordagem social},
	pages = {212},
	author = {Marciano, João Luiz Pereira},
	langid = {portuguese},
	file = {Marciano - Segurança da Informação - uma abordagem social.pdf:C\:\\Users\\Ed\\Zotero\\storage\\GIRK8T9X\\Marciano - Segurança da Informação - uma abordagem social.pdf:application/pdf}
}

@book{fontes_politicas_nodate,
	title = {Políticas e Normas para a Segurança da Informação},
	isbn = {978-85-7452-515-0},
	abstract = {Esta obra tem por objetivo facilitar o desenvolvimento, a implantação e a manutenção de políticas e normas de segurança da informação. Procura apresentar os aspectos teóricos que precisam ser considerados pelos profissionais envolvidos no desenvolvimento de regulamentos de segurança e também busca apresentar uma parte prática onde foram disponibilizados trinta exemplos reais de políticas, normas e documentos complementares.},
	pagetotal = {289},
	publisher = {Brasport},
	author = {Fontes, Edison},
	langid = {portuguese},
	note = {Google-Books-{ID}: X61rbEWwJ\_UC},
	keywords = {Computers / Security / General}
}

@article{benz_universidade_nodate,
	title = {{UNIVERSIDADE} {FEDERAL} {DO} {RIO} {GRANDE} {DO} {SUL} {ESCOLA} {DE} {ADMINISTRAÇÃO} {PROGRAMA} {DE} {PÓS}-{GRADUAÇÃO} {EM} {ADMINISTRAÇÃO}},
	pages = {200},
	author = {Benz, Karl Heinz},
	langid = {portuguese},
	file = {Alinhamento estratégico entre as políticas de segurança da informação e as estratégias e práticas adotadas na TI\: Estudos de caso em instituições financeiras:C\:\\Users\\Ed\\Zotero\\storage\\T2LHDQNZ\\Benz - UNIVERSIDADE FEDERAL DO RIO GRANDE DO SUL ESCOLA D.pdf:application/pdf}
}

@article{monteiro_adocao_2017,
	title = {Adoção de Políticas de Segurança de Sistemas de Informação nas Universidades Moçambicanas},
	pages = {66},
	author = {Monteiro, Joaquina Rafael},
	date = {2017},
	langid = {portuguese},
	file = {Monteiro - 2017 - Adoção de Políticas de Segurança de Sistemas de In.pdf:C\:\\Users\\Ed\\Zotero\\storage\\NPF96CXT\\Monteiro - 2017 - Adoção de Políticas de Segurança de Sistemas de In.pdf:application/pdf}
}

@article{ahuja_54_nodate,
	title = {(54) {SYSTEMAND} {METHOD} {FOR} {DATA} {MINING}},
	abstract = {A method is provided in one example and includes generating a query for a database for information stored in the database. The information relates to data discovered through a capture system. The method further includes generating an Online Analytical Processing ({OLAP}) element to represent informa tion received from the query. A rule based on the {OLAP} element is generated and the rule affects data management for one or more documents that satisfy the rule. In more specific embodiments, the method further includes generating a cap ture rule that defines items the capture system should capture. The method also includes generating a discovery rule that defines objects the capture system should register. In still other embodiments, the method includes developing a policy based on the rule, where the policy identifies how one or more documents are permitted to traverse a network.},
	pages = {35},
	author = {Ahuja, Ratinder Paul Singh and Lakhani, Faizel},
	langid = {english},
	file = {Ahuja e Lakhani - (54) SYSTEMAND METHOD FOR DATA MINING.pdf:C\:\\Users\\Ed\\Zotero\\storage\\69AS58RK\\Ahuja e Lakhani - (54) SYSTEMAND METHOD FOR DATA MINING.pdf:application/pdf}
}

@article{kropiwiec_policy_nodate,
	title = {Policy Viewer: Ferramenta para visualizac¸˜ao de pol´ıticas de seguranc¸a em grafos},
	pages = {100},
	author = {Kropiwiec, Diogo Ditzel},
	langid = {portuguese},
	file = {Kropiwiec - Policy Viewer Ferramenta para visualizac¸˜ao de p.pdf:C\:\\Users\\Ed\\Zotero\\storage\\CPD37KZE\\Kropiwiec - Policy Viewer Ferramenta para visualizac¸˜ao de p.pdf:application/pdf}
}

@inproceedings{burns_automatic_2001,
	location = {Anaheim, {CA}, {USA}},
	title = {Automatic management of network security policy},
	volume = {2},
	isbn = {978-0-7695-1212-9},
	url = {http://ieeexplore.ieee.org/document/932156/},
	doi = {10.1109/DISCEX.2001.932156},
	eventtitle = {{DARPA} Information Survivability Conference and Exposition {II}. {DISCEX}'01},
	pages = {12--26},
	booktitle = {Proceedings {DARPA} Information Survivability Conference and Exposition {II}. {DISCEX}'01},
	publisher = {{IEEE} Comput. Soc},
	author = {Burns, J. and Cheng, A. and Gurung, P. and Rajagopalan, S. and Rao, P. and Rosenbluth, D. and Surendran, A.V. and Martin, D.M.},
	urldate = {2020-08-05},
	date = {2001},
	file = {Versão submetida:C\:\\Users\\Ed\\Zotero\\storage\\X2K6VHCF\\Burns et al. - 2001 - Automatic management of network security policy.pdf:application/pdf}
}

@article{liu_54_nodate,
	title = {(54) {SYSTEMAND} {METHOD} {FOR} {DATA} {MINING} {AND} {SECURITY} {POLICY} {MANAGEMENT}},
	abstract = {A system and method to generate and maintain controlled growth {DAG} are described. The controlled growth {DAG} con veys information about objects captured by a capture system.},
	pages = {43},
	author = {Liu, Weimin and Clara, Santa},
	langid = {english},
	file = {Liu e Clara - (54) SYSTEMAND METHOD FOR DATA MINING AND SECURITY.pdf:C\:\\Users\\Ed\\Zotero\\storage\\NQGLQRPR\\Liu e Clara - (54) SYSTEMAND METHOD FOR DATA MINING AND SECURITY.pdf:application/pdf}
}

@article{sloman_security_2002,
	title = {Security and management policy specification},
	volume = {16},
	issn = {08908044},
	url = {http://ieeexplore.ieee.org/document/993218/},
	doi = {10.1109/65.993218},
	pages = {10--19},
	number = {2},
	journaltitle = {{IEEE} Network},
	author = {Sloman, M. and Lupu, E.},
	urldate = {2020-08-05},
	date = {2002-04},
	file = {Versão aceita:C\:\\Users\\Ed\\Zotero\\storage\\TTHERTMS\\Sloman e Lupu - 2002 - Security and management policy specification.pdf:application/pdf}
}

@article{knapp_information_2009,
	title = {Information security policy: An organizational-level process model},
	volume = {28},
	issn = {0167-4048},
	url = {http://www.sciencedirect.com/science/article/pii/S0167404809000765},
	doi = {10.1016/j.cose.2009.07.001},
	shorttitle = {Information security policy},
	abstract = {To protect information systems from increasing levels of cyber threats, organizations are compelled to institute security programs. Because information security policies are a necessary foundation of organizational security programs, there exists a need for scholarly contributions in this important area. Using a methodology involving qualitative techniques, we develop an information security policy process model based on responses from a sample of certified information security professionals. As the primary contribution of this research study, the proposed model illustrates a general yet comprehensive policy process in a distinctive form not found in existing professional standards or academic publications. This study's model goes beyond the models illustrated in the literature by depicting a larger organizational context that includes key external and internal influences that can materially impact organizational processes. The model that evolved from the data in this research reflects the recommended practices of our sample of certified professionals, thus providing a practical representation of an information security policy process for modern organizations. Before offering our concluding comments, we compare the results of the study with the literature in both theory and practice and also discuss limitations of the study. To the benefit of the practitioner and research communities alike, the model in this study offers a step forward, as well as an opportunity for making further advancements in the increasingly critical area of information security policy.},
	pages = {493--508},
	number = {7},
	journaltitle = {Computers \& Security},
	author = {Knapp, Kenneth J. and Franklin Morris, R. and Marshall, Thomas E. and Byrd, Terry Anthony},
	urldate = {2020-08-05},
	date = {2009-10-01},
	langid = {english},
	keywords = {Governance, Information security policy, Policy development, Policy management, Policy process model},
	file = {ScienceDirect Full Text PDF:C\:\\Users\\Ed\\Zotero\\storage\\X5RMMTYT\\Knapp et al. - 2009 - Information security policy An organizational-lev.pdf:application/pdf;ScienceDirect Snapshot:C\:\\Users\\Ed\\Zotero\\storage\\MGZ79FFX\\S0167404809000765.html:text/html}
}

@article{guerrero-higueras_detection_2018,
	title = {Detection of Cyber-attacks to indoor real time localization systems for autonomous robots},
	volume = {99},
	issn = {0921-8890},
	url = {http://www.sciencedirect.com/science/article/pii/S092188901730283X},
	doi = {10.1016/j.robot.2017.10.006},
	abstract = {Cyber-security for robotic systems is a growing concern. Many mobile robots rely heavily on Real Time Location Systems to operate safely in different environments. As a result, Real Time Location Systems have become a vector of attack for robots and autonomous systems, a situation which has not been studied well. This article shows that cyber-attacks on Real Time Location Systems can be detected by a system built using supervised learning. Furthermore it shows that some type of cyber-attacks on Real Time Location Systems, specifically Denial of Service and Spoofing, can be detected by a system built using Machine Learning techniques. In order to construct models capable of detecting those attacks, different supervised learning algorithms have been tested and validated using a dataset of real data recorded by a wheeled robot and a commercial Real Time Location System, based on Ultra Wideband beacons. Experimental results with a cross-validation analysis have shown that Multi-Layer Perceptron classifiers get the highest test score and the lowest validation error. Moreover, it is the model with less overfitting and more sensitivity for detecting Denial of Service and Spoofing cyber-attacks on Real Time Location Systems.},
	pages = {75--83},
	journaltitle = {Robotics and Autonomous Systems},
	author = {Guerrero-Higueras, Ángel Manuel and {DeCastro}-García, Noemí and Matellán, Vicente},
	urldate = {2020-08-05},
	date = {2018-01-01},
	langid = {english},
	keywords = {Beacon, Cyber-attack, Cyber-security, Indoor positioning, Machine learning, Robotics},
	file = {ScienceDirect Snapshot:C\:\\Users\\Ed\\Zotero\\storage\\V4Z3NNFU\\S092188901730283X.html:text/html}
}

@article{casaca_porque_2013,
	title = {Porque é necessária a segurança da informação? Da estratégia às políticas de segurança},
	volume = {0},
	rights = {Copyright (c) 2015 Lusíada. Política Internacional e Segurança},
	issn = {1647-1342},
	url = {http://revistas.lis.ulusiada.pt/index.php/lpis/article/view/157},
	shorttitle = {Porque é necessária a segurança da informação?},
	abstract = {As organizações estão sujeitas a um número cada vez maior de ameaças aos seus activos de informação, desde fraudes informáticas a sabotagem, vandalismo ou espionagem. Este artigo tem como objectivo demonstrar que a protecção dos activos de informação depende da definição de uma estratégia global de segurança, consubstanciada num conjunto de políticas, normas e procedimentos de segurança, necessários para implementar os controlos que permitam eliminar ou reduzir os riscos das ameaças que pendem sobre esses activos. Parte-se da explicitação dos conceitos de segurança da informação e da respectiva importância, para a descrição das características fundamentais que devem estar presentes na definição da estratégia e das políticas de segurança, assim como nos métodos de avaliar o progresso e sucesso do programa de segurança da informação. Organizations’ information assets are increasingly under numerous threats, from computer fraud to sabotage, vandalism or espionage. This article aims to demonstrate that the protection of information assets is dependent on the definition of the organization’s overall security strategy. This is translated into a set of policies, standards and security procedures required to implement the controls that extinguish or reduce the risk of threats on these assets. The article begins with the explanation of information security concepts and its importance, followed by the description of the fundamental characteristics for strategy definition and security policies and finishes with the methods to assess the progress and success of the security information program. Palavras-chave / {KeywordsSegurança} da informação, Estratégia, Políticas de segurança, Métricas, Modelos de maturidade.Information security, Strategy, Security policies, Metrics, Maturity models.},
	pages = {89--116},
	number = {3},
	journaltitle = {Lusíada. Política Internacional e Segurança},
	author = {Casaca, Joaquim António and Correia, Manuela Faia},
	urldate = {2020-08-05},
	date = {2013-07-24},
	langid = {portuguese},
	note = {Number: 3},
	file = {Full Text PDF:C\:\\Users\\Ed\\Zotero\\storage\\HZJYVVQ7\\Casaca e Correia - 2013 - Porque é necessária a segurança da informação Da .pdf:application/pdf;Snapshot:C\:\\Users\\Ed\\Zotero\\storage\\9RTQNEPK\\157.html:text/html}
}

@article{PSI,
	title = {Política de Segurança da Informação - IFFAR},
	author = {Ferreira, Andrew Roberto Lopes and Heleno, Carmo Borges Cabral and Sonnenstrahl, Thiago},
	year = {2013},
	pages = {55}
}