
@book{baeza-yates_recuperacao_2013,
	edition = {Edição: 2},
	title = {Recuperação de Informação: Conceitos e Tecnologia das Máquinas de Busca},
	shorttitle = {Recuperação de Informação},
	abstract = {Diariamente, mais de 1 bilhão de pessoas recorrem às máquinas de busca para encontrar informações. Mas o que está por trás dessa tecnologia? Ricardo Baeza-Yates e Berthier Ribeiro-Neto respondem a esse questionamento neste livro, que é uma introdução integral e atualizada dos conceitos-chave de {RI} e das tecnologias subjacentes às máquinas de busca. Desde a análise (parse) até a indexação, do agrupamento à classificação, da recuperação à geração do ranking, da realimentação até a avaliação da recuperação, todos os conceitos mais importantes são cuidadosamente introduzidos e exemplificados.},
	publisher = {Bookman},
	author = {Baeza-Yates, Ricardo and Ribeiro-Neto, Berthier},
	date = {2013-01-01}
}