
@thesis{santos_um_2013,
	location = {Fortaleza, Ceará},
	title = {Um Modelo Preditivo de Classificação de Operações de Crédito},
	abstract = {Um sistema de classificação dc credito eficiente é fundamental para que uma Instituição Financeira({IF}) possa realizar uma boa gestão de risco de credito. No Brasil, as operações de crédito de {IFs} devem ser classificadas em nove níveis de risco, conforme Resolução 2.68299 do Conselho Monetário Nacional. O provisionamento para crédito de liquidação duvidosa é constituído em função da classificação da operação, assim, quanto pior a classificação da operação, maior o valor a ser provisionado. De acordo com o Novo Acordo de Basileia, as classificações de risco de crédito são relevantes para determinar o capital exigido das {IFs} ara absorver perdas ines cradas em seus portfólios de crédito.
Esta pesquisa tem como objetivo desenvolver um modelo preditivo de classificação de operações, de forma a permitir às {IFs} se antecipar em tomar medidas preventivas quanto ao risco de crédito. Para tanto, foram analisadas dados das o eraçõcs de longo prazo de uma grande instituição financeira brasileira, no período de janeiro de 2010 a dezembro de 2012. Esses dados foram submetidos a uma Rede Neural Artificial! {RNA}).
Para determinar o poder discriminatório do modelo foi utilizada a Receurr Opcrating
Charactenstwf {ROC}). A Ikisc de dados submetida a {RN} A foi dividida em três partições, uma de treinamento, uma de teste e uma de validação. O desempenho da {RNA}. em cada partição, foi de 98.54\%. 98.43\% e 98.53\% rcspcctivamente. A menor área sob a curva
{ROC} foi de 0.7459. Os resultados obtidos foram satisfatórios e mostraram o quanto uma aplicação de {RNA} pode contribuir para às {IFs} de crédito, ao antecipar eventos que podem afetar sua capacidade de concessão de crédito.},
	pagetotal = {107},
	institution = {Instituto Federal de Educação do Ceará - {IFCE}},
	type = {phdthesis},
	author = {Santos, Francisco Jackson dos},
	date = {2013}
}