
@online{kadimisetty_tensorflow_2018,
	title = {{TensorFlow} — A hands-on approach},
	url = {https://towardsdatascience.com/tensorflow-a-hands-on-approach-8614372f021f},
	abstract = {This is the first article in the series of articles I am going to pen down giving an introduction to {TensorFlow} and diving deep into to the…},
	titleaddon = {Medium},
	author = {Kadimisetty, Avinash},
	urldate = {2020-08-07},
	date = {2018-07-09},
	langid = {english},
	note = {Library Catalog: towardsdatascience.com},
	file = {Snapshot:C\:\\Users\\Ed\\Zotero\\storage\\TW96XLES\\tensorflow-a-hands-on-approach-8614372f021f.html:text/html}
}