
@online{kasturi_underfitting_2019,
	title = {Underfitting and Overfitting in machine learning and how to deal with it !!!},
	url = {https://towardsdatascience.com/underfitting-and-overfitting-in-machine-learning-and-how-to-deal-with-it-6fe4a8a49dbf},
	abstract = {The cause of the poor performance of a model in machine learning is either overfitting or underfitting the data.},
	titleaddon = {Medium},
	author = {Kasturi, Sai Nikhilesh},
	urldate = {2020-08-07},
	date = {2019-06-29},
	langid = {english},
	note = {Library Catalog: towardsdatascience.com},
	file = {Snapshot:C\:\\Users\\Ed\\Zotero\\storage\\648RBKMD\\underfitting-and-overfitting-in-machine-learning-and-how-to-deal-with-it-6fe4a8a49dbf.html:text/html}
}