
@article{vasconcelos_aplicacao_2018,
	title = {Aplicação de Regras de Associação para Mineração de Dados na Web},
	volume = {1},
	rights = {Copyright (c)},
	url = {https://telematicafractal.com.br/revista/index.php/telfract/article/view/8},
	abstract = {Resumo
					Este texto trata do uso de Regras de Associação para a obtenção de conhecimento na Web. É dada uma visão geral do processo de Descoberta de Conhecimento, especialmente a fase de Mineração de Dados. Também se discute, superficialmente, a introdução de semântica na Web atual e seus reflexos no processo de mineração de dados.},
	number = {1},
	journaltitle = {Revista Telfract},
	author = {Vasconcelos, Lívia Maria Rocha de and Carvalho, Cedric Luiz de},
	urldate = {2020-08-06},
	date = {2018-04-29},
	langid = {portuguese},
	note = {Number: 1},
	keywords = {Algoritmo Apriori, Mineração de dados, Regras de Associação, Web},
	file = {Full Text PDF:C\:\\Users\\Ed\\Zotero\\storage\\IFQG8EGG\\Vasconcelos e Carvalho - 2018 - Aplicação de Regras de Associação para Mineração d.pdf:application/pdf;Snapshot:C\:\\Users\\Ed\\Zotero\\storage\\S76KSEL3\\8.html:text/html}
}