
@article{whitman_information_2001,
	title = {Information Systems Security and the Need for Policy},
	url = {https://digitalcommons.kennesaw.edu/facpubs/1452},
	journaltitle = {Faculty Publications},
	author = {Whitman, Michael and Townsend, Anthony and Aalberts, Robert},
	date = {2001-01-01},
	file = {"Information Systems Security and the Need for Policy" by Michael E. Whitman, Anthony M. Townsend et al.:C\:\\Users\\Ed\\Zotero\\storage\\WUUM7LF4\\1452.html:text/html}
}